<?xml version="1.0" encoding="UTF-8"?><collection><record><leader>10370ntm a2200889 a 4500</leader><controlfield tag="001">006833739</controlfield><controlfield tag="003">MiAaHDL</controlfield><controlfield tag="005">20190719000000.0</controlfield><controlfield tag="006">m        d        </controlfield><controlfield tag="007">cr bn ---auaua</controlfield><controlfield tag="008">090701s1921    af            00| ||per d</controlfield><datafield tag="035" ind1=" " ind2=" "><subfield code="a">(MiU)006833739</subfield></datafield><datafield tag="035" ind1=" " ind2=" "><subfield code="a">sdr-miu006833739</subfield></datafield><datafield tag="040" ind1=" " ind2=" "><subfield code="a">MiU</subfield><subfield code="c">MiU</subfield><subfield code="e">amremm</subfield></datafield><datafield tag="043" ind1=" " ind2=" "><subfield code="a">n-us-mi</subfield></datafield><datafield tag="245" ind1="0" ind2="0"><subfield code="6">880-01</subfield><subfield code="a">Panj kitāb,</subfield><subfield code="f">[1299, i.e. 1921].</subfield></datafield><datafield tag="260" ind1=" " ind2=" "><subfield code="a">[Kabul?,</subfield><subfield code="c">1921].</subfield></datafield><datafield tag="300" ind1=" " ind2=" "><subfield code="a">85 leaves :</subfield><subfield code="b">paper ;</subfield><subfield code="c">258 x 152 (173 x 95) mm. bound to 260 x 160 mm.</subfield></datafield><datafield tag="500" ind1=" " ind2=" "><subfield code="a">Shelfmark: Ann Arbor, University of Michigan, Special Collections Library, Isl. Ms. 1042</subfield></datafield><datafield tag="500" ind1=" " ind2=" "><subfield code="a">Origin: As appears in final colophon on p.155 (and colophons on p.32, p.48, p.65, p.130, etc.), transcription executed by Mīr ʻAṭā Muḥammad al-Ḥusaynī al-Harawī ( مير عطا محمد الحسينى الهروى ) and completed 12 Ḥūt [Asfand] 1299 Hijrī Shamsī, corresponding to 21 Jumādá II 1339 Hijrī Qamarī [ca. 2 March 1921].</subfield></datafield><datafield tag="500" ind1=" " ind2=" "><subfield code="a">Accompanying materials: a. Photocopy of Small white card with notes in German on authors, date and title (presumably in hand of Dr. Gruening, see letter from Schulte) and page from legal pad with description in hand of J. Eilts "in Persian | Panj Kitāb a collection of five poetical works and a commentary by Mīr ʻAṭṭā Muḥammad was completed on the 21st day of the month of Jumadah 2 in the year 1339 (1921) of the lunar Islamic calendar. It was dedicated to Sulṭān Aḥmad Kabīr of Kabul. One "book" of poetry is by Saʻdī and another by Farīd al-Dīn ʻAṭṭār. The other authors were not mentioned. Inside front cover is dedication to Mīrzā (Prince) Muḥammad Āṣṣāf Munajjim and the date 1310 of the Solar calendar." -- b. Photocopy of letter from Frank J. Schulte of Grand Rapids, to Dr. Howard H. Peckham, Clements Library, University of Michigan, dated 13 November 1976 and received 18 November 1976, describing and offering to the Library this manuscript and Isl. Ms. 1043.</subfield></datafield><datafield tag="500" ind1=" " ind2=" "><subfield code="a">Former shelfmark: Mich. Isl. Ms. temp. no. 191</subfield></datafield><datafield tag="500" ind1=" " ind2=" "><subfield code="a">Binding: Heavy pasteboards covered in painted lacquerwork, spine in dark greenish-brown leather ; Type III binding (without flap), two-piece binding (seam of overlapping flanges visible at spine) ; doublures in fine painted lacquerwork of swirling floral vegetal composition in gold on a dark red ground ; upper and lower covers bear paintings (each unique) of swirling floral composition namely central panel filled with clusters of roses, peonies, irises, etc. in red, yellow, orange, and blue set among leaves in shades of green, surrounded by a heavy band of similar floral designs, all set off by cornerpieces and vegetal borders in gold ; sewn in red and white thread, two stations ; worked chevron endbands in yellow and red, fairly good condition ; overall in fair condition with minor lifting and losses of leather, minor crazing, etc. ; ill-fitting and likely much earlier than text block.</subfield></datafield><datafield tag="500" ind1=" " ind2=" "><subfield code="a">Support: non-European (likely Indian or 'Afghani') laid paper with roughly 6 laid lines per cm. (horizontal, quite thick and distinct, fairly straight) and no chain lines visible, thin and transluscent though sturdy, beige in color, well-sized and burnished to glossy ; tissue leaves interleaved at opening and close of many works to protect illuminated decorations.</subfield></datafield><datafield tag="500" ind1=" " ind2=" "><subfield code="a">Decoration: Splendid illuminated headpiece (ʻunwān / sarlawḥ) at opening of each section (p.18, p.34, p.50, p.68, p.132, p.140), generally consisting of a rectangular piece containing a pious formula (shahādah, ḥasbalah, ḥawqalah, etc.) in bold thuluth in monumental style, surmounted by a scalloped dome, hasp, semi-circular piece, w-shaped piece etc. (opening headpiece on p.18 surmounted by emblem of the Bārakzay dynasty [Bārakzī]) filled with bold floral vegetal designs mainly in bright blue or lapis lazuli and gold with red, light green, yellow, etc. accents ; many headings appear in rectangular pieces set off by flanking vegetal designs (or in rare occasions animals, see pp.60-63) in gold with red and blue accents on fields of blue, green, red, etc. ; written area surrounded by frame in gold with outermost blue rule ; margin also defined by blue rule-border ; written area of incipit and facing page at each opening accented with gold cloud-bands ; written area of preceding 'title page' or page at close left blank but surrounded by a decorative vegetal border and cornerpieces in blue or red ; keywords and headings rubricated ; textual dividers in the form of inverted commas in red.</subfield></datafield><datafield tag="500" ind1=" " ind2=" "><subfield code="a">Script: Nastaʻlīq ; elegant, spacious and carefully executed hand in a medium line ; serifless with effect of words descending to baseline, elongation and somewhat exaggerated thickness of horizontal strokes, pointing in conjoined dots, gāf marked with additional stroke above shaqq / sar kash ; Arabic excerpts in a bold naskh seriffed with dramatic left-sloping head-serif on many ascenders, right-sloping head-serif on other descenders, rounded with many sweeping descenders ; some headings in tawqīʻ or thuluth.</subfield></datafield><datafield tag="500" ind1=" " ind2=" "><subfield code="a">Layout: Written in 12-16 lines per page, with written area often divided to two columns ; frame-ruled.</subfield></datafield><datafield tag="500" ind1=" " ind2=" "><subfield code="a">Collation: 10 IV(80), II (84) ; almost exclusively quaternions ; opening and final quires left entirely blank and unruled ; middle of the quire marks in the form of an oblique stroke in black ink in the upper outer corner of the right-hand leaf ; catchwords present ; pagination in pencil, Western numerals, supplied during digitization.</subfield></datafield><datafield tag="500" ind1=" " ind2=" "><subfield code="a">Dedication: At close on p.154, dedication to Amīr Amān Allāh Khān ( امير امان الله خان ) [Amānallāh Shāh], king of Afghanistan (r.1919-1929), and Muḥammad Sarwar Khān ( محمد سرور خان ).</subfield></datafield><datafield tag="500" ind1=" " ind2=" "><subfield code="a">Colophon: "Authorial" and "Scribal," reads "امر بنوشتن مجموعه كثير المنفعه كه مشهور به پنج کتاب است فرمودند ... اطاعة لامره العالى به تحرير اين مجموعه مباركه پرداختم تا همه آن مجموعه مباركه سمت تحرير پذیرفت وانا العبد المذنب اقل السادات والعلماء مير عطا محمد امام مسجد ... حضرت سلطان سيد احمد كبير قدس الله سره العزيز ... فى تاريخ يوم چهار شنبه ١٢ ماه حوت سنه هجرى شمسى ١٢٩٩ يكهزار و دو صد و نود نه مطابق سنه هجرى قمرى ٢١ شهر جمادى الثانى يكهزار و سه صد و سى و نه سنه ١٣٣٩ تمت بالخير ...اللهم افتح لنا بالخير واختم لنا بالخير واجعل عواقب كل امورنا بالخير امين"</subfield></datafield><datafield tag="500" ind1=" " ind2=" "><subfield code="a">Title from closing matter on p.155.</subfield></datafield><datafield tag="500" ind1=" " ind2=" "><subfield code="a">Ms. codex.</subfield></datafield><datafield tag="505" ind1="0" ind2=" "><subfield code="a">14. p.156-p.168 : [blank].</subfield></datafield><datafield tag="505" ind1="0" ind2=" "><subfield code="a">13. p.154-p.155 : [copyist's epilogue].</subfield></datafield><datafield tag="505" ind1="0" ind2=" "><subfield code="a">12. p.140-p.153 : [Risālah-i Qāz̤ī Quṭb ?] / Quṭb al-Dīn Muḥammad ibn Ghiyās̲ al-Dīn [?].</subfield></datafield><datafield tag="505" ind1="0" ind2=" "><subfield code="a">11. p.138-p.139 : [blank].</subfield></datafield><datafield tag="505" ind1="0" ind2=" "><subfield code="a">10. p.132-p.137 : Ṣad pand-i sūdmand-i Luqmān-i Ḥakīm.</subfield></datafield><datafield tag="505" ind1="0" ind2=" "><subfield code="a">9. p.131 : [blank].</subfield></datafield><datafield tag="505" ind1="0" ind2=" "><subfield code="a">8. p.68-p.130 : [Pandnāmah-i ʻAṭṭār] / Farīd al-Dīn ʻAṭṭār.</subfield></datafield><datafield tag="505" ind1="0" ind2=" "><subfield code="a">7. p.66-p.67 : [blank].</subfield></datafield><datafield tag="505" ind1="0" ind2=" "><subfield code="a">6. p.50-p.65 : [Maḥmūdnāmah] / Maḥmūd Lāhūrī.</subfield></datafield><datafield tag="505" ind1="0" ind2=" "><subfield code="a">5. p.49 : [blank].</subfield></datafield><datafield tag="505" ind1="0" ind2=" "><subfield code="a">4. p.34-p.48 : [Nām-i Ḥaqq] / Sharaf al-Dīn Bukhārī.</subfield></datafield><datafield tag="505" ind1="0" ind2=" "><subfield code="a">3. p.33 : [blank].</subfield></datafield><datafield tag="505" ind1="0" ind2=" "><subfield code="a">2. p.18-p.32 : [Karīmā] / Saʻdī.</subfield></datafield><datafield tag="505" ind1="0" ind2=" "><subfield code="a">1. p.1-p.17 : [mainly blank].</subfield></datafield><datafield tag="510" ind1="4" ind2=" "><subfield code="a">Nawid, Senzil K. "Amānallāh Shāh." In EI3,</subfield><subfield code="c">accessed through Brill online.</subfield></datafield><datafield tag="520" ind1="8" ind2=" "><subfield code="a">Splendid copy of a collection of didactic poetical works on proper conduct of life.</subfield></datafield><datafield tag="538" ind1=" " ind2=" "><subfield code="a">Mode of access: Internet.</subfield></datafield><datafield tag="541" ind1=" " ind2=" "><subfield code="c">Gift ;</subfield><subfield code="a">Mr. Frank J. Schulte ;</subfield><subfield code="d">29 November 1976.</subfield></datafield><datafield tag="546" ind1=" " ind2=" "><subfield code="a">Persian.</subfield></datafield><datafield tag="561" ind1=" " ind2=" "><subfield code="a">On front flyleaf (p.1), an ownership statement in name of Mīrzā Muḥammad Āṣif Munajjim ( ميرزا محمد آصف منجم ) dated 10 Ḥūt [Asfand] 1310 Shamsī (Jalālī) [ca. 1 March 1932] reads "بتاريخ دو شنبه دهم ما حوت ١٣١٠ شمسى كتاب هذا برايم تعرف شده خيلى مسرورم ساخت المذنب ميرزا محمد آصف منجم" ; inscribed by the Library "Spec. Coll. Lib. | Gift Frank J. Schulte | 1976?" (p.168) ; fairly clean copy.</subfield></datafield><datafield tag="650" ind1=" " ind2="0"><subfield code="a">Manuscripts, Persian</subfield><subfield code="z">Michigan</subfield><subfield code="z">Ann Arbor.</subfield></datafield><datafield tag="650" ind1=" " ind2="0"><subfield code="a">Islam</subfield><subfield code="x">Customs and Practices</subfield><subfield code="v">Poetry.</subfield></datafield><datafield tag="650" ind1=" " ind2="0"><subfield code="a">Muslims</subfield><subfield code="x">Conduct of life</subfield><subfield code="v">Poetry.</subfield></datafield><datafield tag="650" ind1=" " ind2="0"><subfield code="a">Sufi poetry, Persian</subfield><subfield code="v">Early works to 1800.</subfield></datafield><datafield tag="650" ind1=" " ind2="0"><subfield code="a">Persian poetry</subfield><subfield code="y">747-1500.</subfield></datafield><datafield tag="655" ind1=" " ind2="7"><subfield code="a">Headpieces (layout features)</subfield><subfield code="y">20th century.</subfield><subfield code="2">aat</subfield></datafield><datafield tag="700" ind1="1" ind2=" "><subfield code="a">Schulte, Frank J.,</subfield><subfield code="e">former owner.</subfield></datafield><datafield tag="700" ind1="0" ind2=" "><subfield code="6">880-09</subfield><subfield code="a">Mīrzā Muḥammad Āṣif Munajjim,</subfield><subfield code="d">fl. 1932,</subfield><subfield code="e">former owner.</subfield></datafield><datafield tag="700" ind1="0" ind2=" "><subfield code="6">880-08</subfield><subfield code="a">Mīr ʻAṭā Muḥammad,</subfield><subfield code="e">scribe.</subfield></datafield><datafield tag="700" ind1="0" ind2="2"><subfield code="6">880-07</subfield><subfield code="a">Quṭb al-Dīn Muḥammad ibn Ghiyās̲ al-Dīn,</subfield><subfield code="t">Risālah-i Qāz̤ī Quṭb.</subfield></datafield><datafield tag="700" ind1="1" ind2="2"><subfield code="6">880-05</subfield><subfield code="a">ʻAṭṭār, Farīd al-Dīn,</subfield><subfield code="d">-approximately 1230.</subfield><subfield code="t">Pandnāmah.</subfield><subfield code="k">Selections.</subfield></datafield><datafield tag="700" ind1="0" ind2="2"><subfield code="6">880-04</subfield><subfield code="a">Mahḥmūd Lāhūrī,</subfield><subfield code="d">fl. 1599,</subfield><subfield code="t">Maḥmūdnāmah.</subfield><subfield code="k">Selections.</subfield></datafield><datafield tag="700" ind1="1" ind2="2"><subfield code="6">880-03</subfield><subfield code="a">Bukhārī, Sharaf al-Dīn.</subfield><subfield code="t">Nām-i Ḥaqq.</subfield></datafield><datafield tag="700" ind1="0" ind2="2"><subfield code="6">880-02</subfield><subfield code="a">Saʻdī.</subfield><subfield code="t">Karīmā.</subfield></datafield><datafield tag="740" ind1="0" ind2="2"><subfield code="6">880-06</subfield><subfield code="a">Ṣad pand-i sūdmand-i Luqmān-i Ḥakīm</subfield></datafield><datafield tag="773" ind1="0" ind2=" "><subfield code="a">Frank J. Schulte Collection.</subfield></datafield><datafield tag="880" ind1="0" ind2=" "><subfield code="6">700-09/</subfield><subfield code="a">ميزا محمد آصف منجم,</subfield><subfield code="e">مالك سابق.</subfield></datafield><datafield tag="880" ind1="0" ind2=" "><subfield code="6">700-08/</subfield><subfield code="a">مير عطا محمد,</subfield><subfield code="e">ناسخ.</subfield></datafield><datafield tag="880" ind1="0" ind2="2"><subfield code="6">700-07/</subfield><subfield code="a">قطب الدين محمد بن غياث الدين.</subfield><subfield code="t">رساله قاضى قطب.</subfield></datafield><datafield tag="880" ind1="0" ind2="2"><subfield code="6">740-06/</subfield><subfield code="a">صد پند سودمند لقمان حکيم</subfield></datafield><datafield tag="880" ind1="1" ind2="2"><subfield code="6">700-05/</subfield><subfield code="a">عطار, فريد الدين.</subfield><subfield code="t">پندنامه.</subfield><subfield code="k">منتخبات.</subfield></datafield><datafield tag="880" ind1="0" ind2="2"><subfield code="6">700-04/</subfield><subfield code="a">محمود لاهورى.</subfield><subfield code="t">محمودنامه.</subfield><subfield code="k">متنخبات.</subfield></datafield><datafield tag="880" ind1="1" ind2="2"><subfield code="6">700-03/</subfield><subfield code="a">بخارى, شرف الدين.</subfield><subfield code="t">نام حق.</subfield></datafield><datafield tag="880" ind1="0" ind2="2"><subfield code="6">700-02/</subfield><subfield code="a">سعدى.</subfield><subfield code="t">كريما.</subfield></datafield><datafield tag="880" ind1="0" ind2="0"><subfield code="6">245-01/</subfield><subfield code="a">پنج كتاب،</subfield><subfield code="f">[1299ه ش، 1921م].</subfield></datafield><datafield tag="CID" ind1=" " ind2=" "><subfield code="a">006833739</subfield></datafield><datafield tag="DAT" ind1="0" ind2=" "><subfield code="a">20190719102641.0</subfield><subfield code="b">20190719000000.0</subfield></datafield><datafield tag="DAT" ind1="1" ind2=" "><subfield code="a">20190719090653.0</subfield><subfield code="b">2019-07-19T16:12:13Z</subfield></datafield><datafield tag="DAT" ind1="2" ind2=" "><subfield code="a">2015-10-02T18:00:03Z</subfield></datafield><datafield tag="CAT" ind1=" " ind2=" "><subfield code="a">SDR-MIU</subfield><subfield code="d">EX LIBRIS - ALEPH</subfield><subfield code="l">prepare.pl-004-008</subfield></datafield><datafield tag="FMT" ind1=" " ind2=" "><subfield code="a">BK</subfield></datafield><datafield tag="HOL" ind1=" " ind2=" "><subfield code="0">sdr-miu006833739</subfield><subfield code="a">MiU</subfield><subfield code="b">SDR</subfield><subfield code="c">MIU</subfield><subfield code="p">mdp.39015079131697</subfield><subfield code="s">MIU</subfield><subfield code="1">006833739</subfield></datafield><datafield tag="974" ind1=" " ind2=" "><subfield code="b">MIU</subfield><subfield code="c">MIU</subfield><subfield code="d">20190719</subfield><subfield code="s">lit-dlps-dc</subfield><subfield code="u">mdp.39015079131697</subfield><subfield code="y">1921</subfield><subfield code="r">ic-world</subfield><subfield code="q">man</subfield></datafield></record></collection>